
@techreport{15926-1,
type = {Standard},
key = {ISO 15926-1:2004},
year = {2004},
title = {{15926-1 - Industrial automation systems and integration - Integration of life-cycle data for process
plants including oil and gas production facilities - Part 1: Overview and fundamental principles}},
institution = {International Organization for Standardization}
}

@techreport{15926-14,
type = {Standard},
key = {TR 15926-14},
title = {{Industrial automation systems and integration - Integration of life-cycle data for process
plants including oil and gas production facilities - Part 14: Data model adapted for OWL2 Direct Semantics}},
institution = {International Organization for Standardization}
}

@techreport{81346-1,
type = {Standard},
key = {ISO/IEC 81346-1},
year = {2022},
title = {{81346-1: Industrial systems, installations and equipment and industrial products - Structuring
principles and reference designations - Part 1: Basic rules}},
institution = {International Organization for Standardization/International Electrotechnical Commission}
}

@techreport{81346-OG,
type = {Standard},
key = {ISO/IEC 81346-O\&G},
title = {{`81346 - O\&G - Reference Designation System for Oil and Gas}}
}


@techreport{15288,
type = {Standard},
key = {ISO/IEC/IEEE 15288},
year = {2015},
title = {{Systems and software engineering - System life cycle processes}},
institution = {International Organization for Standardization/International Electrotechnical Commission}
}

@techreport{14224,
type = {Standard},
key = {ISO 14224},
year = {2016},
title = {{Petroleum, petrochemical and natural gas industries - Collection and exchange of reliability and
maintenance data for equipment}},
institution = {International Organization for Standardization}
}